<record><leader>00000cas a22000007a 4500</leader><controlfield tag="001">14147834</controlfield><controlfield tag="008">860826c19659999pauwr ne      0    0eng d</controlfield><datafield ind1=" " ind2=" " tag="010"><subfield code="a">sn 87080177 </subfield></datafield><datafield ind1=" " ind2=" " tag="040"><subfield code="a">PLF</subfield><subfield code="b">eng</subfield><subfield code="c">PLF</subfield><subfield code="d">NPH</subfield><subfield code="d">OCLCQ</subfield></datafield><datafield ind1=" " ind2=" " tag="042"><subfield code="a">msc</subfield></datafield><datafield ind1="0" ind2=" " tag="130"><subfield code="a">South Philadelphia review (Philadelphia, Pa. : West ed.)</subfield></datafield><datafield ind1="1" ind2="0" tag="245"><subfield code="a">South Philadelphia review.</subfield></datafield><datafield ind1="3" ind2="0" tag="246"><subfield code="a">South Philadelphia west review</subfield></datafield><datafield ind1="3" ind2="0" tag="246"><subfield code="a">South Philadelphia review west</subfield></datafield><datafield ind1="1" ind2="7" tag="246"><subfield code="a">Review (West)</subfield></datafield><datafield ind1=" " ind2=" " tag="250"><subfield code="a">West [ed.].</subfield></datafield><datafield ind1=" " ind2=" " tag="260"><subfield code="a">Philadelphia [Pa. :</subfield><subfield code="b">s.n.]</subfield></datafield><datafield ind1=" " ind2=" " tag="300"><subfield code="a">v. :</subfield><subfield code="b">ill.</subfield></datafield><datafield ind1=" " ind2=" " tag="310"><subfield code="a">Weekly</subfield></datafield><datafield ind1="1" ind2=" " tag="362"><subfield code="a">Began in 1965?</subfield></datafield><datafield ind1=" " ind2=" " tag="500"><subfield code="a">"In every South Philadelphia home."</subfield></datafield><datafield ind1=" " ind2=" " tag="588"><subfield code="a">Description based on: Vol. 7, no. 34 (Jan. 14, 1965).</subfield></datafield><datafield ind1=" " ind2=" " tag="752"><subfield code="a">United States</subfield><subfield code="b">Pennsylvania</subfield><subfield code="c">Philadelphia</subfield><subfield code="d">Philadelphia.</subfield></datafield><datafield ind1="0" ind2="1" tag="780"><subfield code="t">South Philadelphia review (Philadelphia, Pa. : Combined ed.)</subfield><subfield code="w">(DLC)sn 87080176</subfield></datafield></record>